<record><leader>00000cas a22000007a 4500</leader><controlfield tag="001">22964792</controlfield><controlfield tag="008">910115d19911995inudn ne      0   a0eng d</controlfield><controlfield tag="009">5452</controlfield><datafield ind1=" " ind2=" " tag="010"><subfield code="a">sn 90099385 </subfield></datafield><datafield ind1=" " ind2=" " tag="040"><subfield code="a">NPI</subfield><subfield code="b">eng</subfield><subfield code="c">NPI</subfield><subfield code="d">DLC</subfield><subfield code="d">NPI</subfield><subfield code="d">NSD</subfield><subfield code="d">NPI</subfield><subfield code="d">OCLCQ</subfield></datafield><datafield ind1=" " ind2=" " tag="012"><subfield code="j">0</subfield><subfield code="m">d</subfield></datafield><datafield ind1="1" ind2=" " tag="022"><subfield code="a">1060-6173</subfield><subfield code="l">1060-6173</subfield><subfield code="2">1</subfield></datafield><datafield ind1=" " ind2=" " tag="042"><subfield code="a">msc</subfield><subfield code="a">nsdp</subfield></datafield><datafield ind1="0" ind2=" " tag="130"><subfield code="a">Knox County daily news (Bicknell, Ind. : 1991)</subfield></datafield><datafield ind1=" " ind2="0" tag="222"><subfield code="a">Knox County daily news</subfield><subfield code="b">(Bicknell, Ind. 1991)</subfield></datafield><datafield ind1="0" ind2="4" tag="245"><subfield code="a">The Knox County daily news.</subfield></datafield><datafield ind1=" " ind2=" " tag="260"><subfield code="a">Bicknell, IN :</subfield><subfield code="b">Michael B. Carnahan,</subfield><subfield code="c">1991-1995.</subfield></datafield><datafield ind1=" " ind2=" " tag="300"><subfield code="a">5 v. :</subfield><subfield code="b">ill. ;</subfield><subfield code="c">58 cm.</subfield></datafield><datafield ind1=" " ind2=" " tag="310"><subfield code="a">Daily (except Sun. and holidays),</subfield><subfield code="b">Sept. 7, 1991-Mar. 18, 1995</subfield></datafield><datafield ind1=" " ind2=" " tag="321"><subfield code="a">Daily (except Sat., Sun., and holidays),</subfield><subfield code="b">Jan. 11, 1990-Sept. 6, 1991.</subfield></datafield><datafield ind1="0" ind2=" " tag="362"><subfield code="a">Vol. 73, no. 1 (Jan. 11, 1991)-v. 77, no. 150 (Mar. 18, 1995).</subfield></datafield><datafield ind1=" " ind2=" " tag="500"><subfield code="a">Published by: Larry Hiatt, Sept. 7, 1991-Mar. 18, 1995.</subfield></datafield><datafield ind1=" " ind2=" " tag="515"><subfield code="a">Assumed numbering of the former newspaper with the same title which became the Morning news-report on Dec. 10, 1990.</subfield></datafield><datafield ind1=" " ind2=" " tag="580"><subfield code="a">Selected news published weekly, Sept. 28, 1991-   under title: News-report (Bicknell, Ind.).</subfield></datafield><datafield ind1=" " ind2=" " tag="752"><subfield code="a">United States</subfield><subfield code="b">Indiana</subfield><subfield code="c">Knox</subfield><subfield code="d">Bicknell.</subfield></datafield><datafield ind1="0" ind2="5" tag="785"><subfield code="t">Morning news-report</subfield><subfield code="w">(DLC)sn 90064001</subfield></datafield><datafield ind1="0" ind2="0" tag="785"><subfield code="t">Knox County news (Bicknell, Ind.)</subfield><subfield code="x">1082-2321</subfield><subfield code="w">(DLC)sn 95004335</subfield></datafield><datafield ind1="1" ind2=" " tag="787"><subfield code="t">News-report (Bicknell, Ind.)</subfield><subfield code="x">1060-6165</subfield><subfield code="w">(DLC)sn 92000027</subfield><subfield code="w">(OCoLC)25052476</subfield></datafield></record>